@article{peine08,
	Author          =       {Peine, Alexander},
	Journal         =       {Research Policy},
	Pages           =       {508-529},
	Title           =       {Technological paradigms and complex technical systems--The case of Smart Homes},
	Volume          =       {37-3},
	Year            =       {2008}}

@book{russellnorvig10,
	Address = {Upper Saddle River, NJ},
	Author = {Russell, Stuart and Norvig, Peter},
	Edition = {3rd},
	Publisher = {Pearson},
	Title = {Artificial Intelligence: A Modern Approach},
	Year = {2010}}
	
@article{libsvm,
	Author= {Chang, Chih-Chung and Lin, Chih-Jen},
	Title = {LIBSVM: A Library for Support Vector Machines},
	Journal = {Dept. Computer Science, National Taiwan University},
	Year = {2001 (2013)}}
	
@article{libsvm,
	Author = {Fan, Rong-En and Chang, Kai-Wai and Hsieh, Cho-Jui and Wang, Xiang-Rui and Lin, Chih-Jen},
	Journal = {Journal of Machine Learning Research},
	Pages = {1871-1874},
	Title = {LIBLINEAR: A library for Large Linear Classification},
	Volume = {9},
	Year = {2008 (2014)}}

@article{victor06,
	Author = {Victor, Bret},
	Title = {Magic Ink: Information Software And The Graphical Interface},
	Year = {2006}}

@book{tufte01,
    ISBN = {9780961392147},
	Author = {Tufte, Edward R.},
	Edition = {2nd},
	Publisher = {Graphics Pr},
	Title = {The Visual Display of Quantitative Information},
	Year = {2001}}
	
@article{weiser91,
	Author          =       {Weiser, Mark},
	Journal         =       {Scientific American},
	Pages           =       {94-104},
	Title           =       {The computer for the 21st century},
	Volume          =       {April},
	Year            =       {1991}}

@article{augustonugent06,
	Author          =       {Augusto, Juan C. and Nugent, Chris D},
	Journal         =       {Designing Smart Homes},
	Pages           =       {1-15},
	Title           =       {Smart Homes Can Be Smarter},
	Volume          =       {LNAI 4008},
	Year            =       {2006}}

@article{bonino11,
	Author          =       {Bonino, D. and Corno, F.},
	Journal         =       {JOURNAL OF AMBIENT INTELLIGENCE AND SMART ENVIRONMENTS},
	Volume          =       {3,2},
	Pages           =       {111-126},
	Title           =      {What Would You Ask to Your Home if It Were Intelligent? Exploring User Expectations about Next-Generation Homes},
	Year            =       {2011}}
	
@article{desilva12,
	Author          =       {De Silva, Liyanage C. and Morikawa, Chamin and Petra, Iskandar M.},
	Journal         =       {Engineering Applications of Artificial Intelligence},
	Title           =       {State of the art of Smart Homes},
	Pages           =       {1313–1321},
	Volume          =       {25},
	Year            =       {2012}}
	
@article{elliot09,
	Author          =       {Elliott, M.T. and Petra, M.I. and et al},
	Journal         =       {Procedures Inst. Mechanical Engineering, PartHJ.Eng.Med.223,7},
	Pages           =       {131-136},
	Title           =      {Quantifying sway through surface deflection
patterns: a novel approach using distributive tactile sensing},
	Year            =       {2009}}

@article{casattenta,
	Author          =       {Farella, Elisabetta and Falavigna,  Mirko and Ricco, Bruno},
	Journal         =       {Microelectronics Journal},
	Volume          =       {41},
	Pages           =       {697-702},
	Title           =      {Aware and smart environments: The Casattenta project},
	Year            =       {2010}}
	
@article{placelab05,
	Author          =       {Intille, Stephen S. and Larson,  Kent and Beaudin, Jennifer S. and Tapia,  Emmanuel
Munguia and Kaushik,  Pallavi and Nawyn,  Jason  and McLeish,  T.J.},
	Journal         =       {Pervasive 2005
Video Program},
	Title           =       {The Placelab:
a live-in laboratory for pervasive computing research (video)},
	Year            =       {2005}}
	
@article{mavhome,
	Author          =       {Cook, Diane J. and Young,  Michael and Das, Sajal K.},
	Journal         =       {Designing Smart Homes},
	Pages           =       {165-182},
	Title           =      {A Multi-agent Approach to Controlling a Smart Environment},
	Year            =       {2006}}
	
@article{thinkhome,
	Author          =       {Reinisch, Christian and Kofler,  Mario J. and Iglesias, Felix and Kastner, Wolfgang },
	Journal         =       {EURASIP Journal on Embedded Systems},
	Pages           =       {18},
	Title           =      {ThinkHome Energy Efficiency in Future Smart Homes},
	Year            =       {2011}}
	
@article{userreq,
	Author          =       {Röcker, Carsten and Janse,  Maddy D. and Portolan, Nathalie and Streitz, Norbert },
	Journal         =       {Joint sOc-EUSAI conference},
	Pages           =       {111-116},
	Title           =      {User Requirements for Intelligent Home Environments: A Scenario-Driven Approach and Empirical Cross-Cultural Study},
	Year            =       {2004}}
	
@article{koskela04,
	Author          =       {Koskela, Tiiu and Vaananen-Vainio-Mattila, Kaisa},
	Journal         =       {Pers Ubiquit Comput},
	Volume          =       {8},
	Pages           =       {234-240},
	Title           =      {Evolution towards smart home environments: empirical evaluation of three user interfaces},
	Year            =       {2004}}
	
@article{rogers06,
	Author          =       {Rogers, Yvonne},
	Journal         =       {P. Dourish, A. Friday (Eds.) Ubicomp 2006},
	Pages           =       {404-421},
	Title           =      {Moving on from Weiser’s Vision of Calm Computing: Engaging UbiComp Experiences},
	Year            =       {2006}}
	
@article{greenberg11,
	Author          =       {Greenberg, Saul and Marquardt,  Nicolai and Ballendat, Till and Diaz-Marino, Rob and  Wang, Miaosen},
	Journal         =       {interactions},
	Volume          =       {january/february},
	Pages           =       {42-50},
	Title           =      {Proxemic Interactions: The New Ubicomp?},
	Year            =       {2004}}
	
@article{streitz05,
	Author          =       {Streitz, Norbert A. and Röcker, Carsten and Prante,  Thorsten and van Alphen, Daniel and Stenzel,  Richard and Magerkurth, Carsten},
	Journal         =       {IEEE Computer},
	Volume          =       {March},
	Pages           =       {41-49},
	Title           =      {Designing Smart Artifacts for Smart Environments},
	Year            =       {2005}}
	
@article{homeos,
	Author          =       {Dixon, Colin and Mahajan, Ratul and Agarwal, Sharad and
Brush, A.J. and Lee, Bongshin and Saroiu, Stefan and Bahl, Paramvir},
	Journal         =       {Microsoft Research},
	Title           =      {An Operating System for the Home},}
	
@article{directmanipulation,
	Author= {Schneiderman, Ben and Maes, Pattie},
	Title = {Direct Manipulation vs User Interface Agents},
	Journal = {interactions},
	Volume = {november + desember},
	Year = {1997}}
	
@article{lieberman09,
	Author= {Lieberman, Henry},
	Title = {User Interface Goals, AI Opportunities},
	Journal = {AI Magazine},
	Volume = {Winter},
	Year = {2009}}
	
@article{Kaufmann98,
	Author= {Kaufmann, Morgan},
	Title = {Intelligent User Interfaces: An Introduction},
	Journal = {RUIU},
	Year = {1998}}
	
@article{quickset97,
	Author          =       {Cohen, Philip R and Johnston, Michael and MchGee, David and Oviatt, Sharon and Pittman, Jay and Smith, Ira and Chen, Liang and Clow, Josh},
	Title           =       {QuickSet: Multimodal Interaction for Distributed Applications},
	Volume          =       {April},
	Address = {Oregon Graduate Institute of Science and Technology, Portland, OR},
	Year            =       {1997}}

@article{ishizaki96,
	Author          =       {Ishizaki, Suguru},
	Journal         =       {CHI},
	Title           =       {Multiagent Model of Dynamic Design},
	Volume          =       {April},
	Year            =       {1996}}
	
@article{96bytes,
	Author          =       {Taylor, Stuart and Keskin, Cem and Hilliges, Otmar and Izadi, Sharam and Helmes, John},
	Journal         =       {CHI},
	Title           =       {Type-Hover-Swipe in 96 bytes: A motion sensing mechanical keyboard},
	Year            =       {2014}}
	
@article{jaimes07,
	Author          =       {Jaimes, Alejandro and Sebe, Nicu},
	Journal         =       {Computer Vision and Image Understanding},
	Volume          =       {108},
	Pages           =       {116-134},
	Title           =       {Multimodal human-computer interaction: A survey},
	Year            =       {2007}}
	
@article{dumas09,
	Author          =       {Dumas, Bruno and Lalanne, Denis and Oviatt, Sharon},
	Journal         =       {Human Machine Interaction},
	Pages           =       {3-26},
	Title           =       {Multimodal Interfaces: A Survey of Principles, Models and Frameworks},
	Year            =       {2009}}